% This file was created with JabRef 2.6.
% Encoding: Cp1252

@TECHREPORT{baumgart,
  author = {BAUMGART, B.G.},
  title = {Geometric modeling for computer vision},
  institution = {Stanford Artificial Intelligence Laboratory, Computer Sciences Department,
	Stanford University, CA},
  year = {1974},
  type = {463},
  timestamp = {2010.04.13}
}

@TECHREPORT{baumgart2,
  author = {BAUMGART, B.G.},
  title = {Windge-edge polyhedron representation},
  institution = {Computer Science Department, Standford University, Palo Alto, CA.},
  year = {1972},
  number = {320},
  timestamp = {2010.04.13}
}

@BOOK{berg,
  title = {Computational geometry},
  publisher = {Springer-Verlag},
  year = {1977},
  author = {BERG, M. K. and OVERMARS, M.V. and SCHWARZKOPF, M. O.},
  subtitle = {algorithms and applications},
  timestamp = {2010.04.13}
}

@INCOLLECTION{braid,
  author = {BRAID, I. C.; HILLYARD, R. C.; STROUD, I. A.},
  title = {Stepwise construction of polyhedrain geometric modeling},
  booktitle = {Mathematical methods in Computer Graphics and Design},
  publisher = {Academic Press},
  year = {1980},
  editor = {BRODLIE, K.},
  pages = {123-141},
  timestamp = {2010.04.13}
}

@BOOK{green,
  title = {Computing Dirichlet tessellations in the plane},
  publisher = {Cambridge},
  year = {1978},
  author = {GREEN, P.J.; SIBSON, R.},
  volume = {2},
  number = {21},
  pages = {168-173},
  month = {May},
  subtitle = {Computer journal},
  timestamp = {2010.04.13}
}

@ARTICLE{guibas,
  author = {GUIBAS, L.J. and KNUTH, D. and SHARIR, M.},
  title = {Randomized incremental construction of Delaunay ans Voronoi diagrams},
  journal = {ACM Transactions on Graphics},
  year = {1985},
  volume = {4},
  pages = {75-123},
  number = {2},
  timestamp = {2010.04.13}
}

@TECHREPORT{lawson,
  author = {LAWSON, C.},
  title = {Generation of a Triangulation Grid with Applications to Contour Plotting},
  institution = {Jet Propulsion Laboratory, California Institute os Technology},
  year = {1972},
  number = {299},
  timestamp = {2010.04.13}
}

@INCOLLECTION{matula,
  author = {MATULA, D.W.; SOKAL, R.R.},
  title = {Properties of Gabriel graphs relevant to geographic variation research
	and clustering of points in the plane.},
  booktitle = {Geographic Anal},
  year = {1980},
  volume = {12},
  pages = {205-222},
  timestamp = {2010.04.13}
}

@INCOLLECTION{musin,
  author = {MUSIN, O.R},
  title = {Properties of the Delaunay triangulation},
  booktitle = {PROCEEDINGS OF THE ANNUAL SYMPOSIUM ON COMPUTATIONAL GEOMETRY},
  year = {1997},
  volume = {13},
  pages = {424-426},
  address = {Nice, France},
  timestamp = {2010.04.13}
}

@BOOK{orourke,
  title = {Computational Geometry in C},
  publisher = {Cambridge University Press},
  year = {1994},
  author = {O'ROURKE, J.},
  pages = {161-163},
  edition = {2},
  chapter = {Voronoi Diagrams},
  timestamp = {2010.04.13}
}

@ARTICLE{sibson,
  author = {SIBSON, R.},
  title = {Locally equiangular triangulations},
  journal = {The computer Journal},
  year = {1978},
  volume = {21},
  pages = {243-245},
  number = {3},
  timestamp = {2010.04.13}
}

@ARTICLE{sokal,
  author = {SOKAL, R.R; GABRIEL, K.R.},
  title = {A new statistical approach to geographic variation analysis},
  journal = {Systematic Zoology},
  year = {1969},
  volume = {18},
  pages = {259-270},
  timestamp = {2010.04.13}
}

@BOOK{szwarcfiter,
  title = {Grafos e algoritmos computacionais},
  publisher = {Editora Campus},
  year = {1984},
  author = {SZWARCFITER, J.L.},
  pages = {216},
  address = {Rio de Janeiro},
  timestamp = {2010.04.13}
}

@ARTICLE{watson,
  author = {WATSON, D.F.},
  title = {Computing the n-dimensional Delaunay Tesselation with Application
	to Voronoi Polytopes},
  journal = {Computer Journal},
  year = {1981},
  volume = {24},
  pages = {167-172},
  number = {2},
  timestamp = {2010.04.13}
}

@comment{jabref-meta: selector_publisher:}

@comment{jabref-meta: selector_author:}

@comment{jabref-meta: selector_journal:}

@comment{jabref-meta: selector_keywords:}

